<record xmlns="http://www.loc.gov/MARC21/slim" xmlns:xsi="http://www.w3.org/2001/XMLSchema-instance" xsi:schemaLocation="http://www.loc.gov/MARC21/slim http://www.loc.gov/standards/marcxml/schema/MARC21slim.xsd"><leader>00787nz   2200169n  4500</leader><controlfield tag="001">oca04823188 </controlfield><controlfield tag="005">19980924164353.4</controlfield><controlfield tag="008">980924n| acannaab|          |a aaa |||  </controlfield><datafield ind1=" " ind2=" " tag="010"><subfield code="a">n  98086562 </subfield></datafield><datafield ind1=" " ind2=" " tag="040"><subfield code="a">DLC</subfield><subfield code="c">DLC</subfield></datafield><datafield ind1="0" ind2=" " tag="100"><subfield code="a">Heraclides,</subfield><subfield code="c">Ponticus,</subfield><subfield code="d">ca. 390-310 B.C</subfield></datafield><datafield ind1="0" ind2=" " tag="400"><subfield code="a">HerakleideÌ&#x84;s,</subfield><subfield code="c">Ponticus,</subfield><subfield code="d">ca. 390-310 B.C</subfield></datafield><datafield ind1="0" ind2=" " tag="400"><subfield code="a">Eraclide,</subfield><subfield code="c">Pontico,</subfield><subfield code="d">ca. 390-310 B.C</subfield></datafield><datafield ind1="1" ind2=" " tag="400"><subfield code="a">Ponticus, Heraclides,</subfield><subfield code="d">ca. 390-310 B.C</subfield></datafield><datafield ind1=" " ind2=" " tag="670"><subfield code="a">Il POxy.664 di Eraclide Pontico e ... 1996.</subfield></datafield><datafield ind1=" " ind2=" " tag="670"><subfield code="a">Oxford classical dict., 1949</subfield><subfield code="b">(Heraclides, in Greek HerakleideÌ&#x84;s, of Heraclea on the Pontus (Black Sea), called Ponticus, academic philosopher and writer, ca. 390-310 B.C.)</subfield></datafield><datafield ind1=" " ind2=" " tag="670"><subfield code="a">PA schedule, 1998</subfield><subfield code="b">(Heraclides Ponticus (of Heracles on the Pontus Euxinus), ca. 390-310 B.C.; fragments only)</subfield></datafield></record>